%% This BibTeX bibliography file was created using BibDesk.
%% http://bibdesk.sourceforge.net/


%% Created for Phil at 2015-03-26 13:27:52 +0000 


%% Saved with string encoding Unicode (UTF-8) 



@misc{co2,
	Author = {Ben Lane},
	Date-Added = {2015-03-26 13:24:36 +0000},
	Date-Modified = {2015-03-26 13:27:49 +0000},
	Howpublished = {\newline\url{http://www.nextgreencar.com/tools/comparison/}},
	Month = {March},
	Title = {next greencar},
	Year = {2015}}

@misc{farmVille,
	Author = {Zynga},
	Date-Added = {2015-03-25 16:13:09 +0000},
	Date-Modified = {2015-03-25 23:05:26 +0000},
	Howpublished = {\newline\url{https://zynga.com/games/farmville}},
	Month = {May},
	Title = {FarmVille},
	Year = {2010}}

@misc{simCity,
	Author = {Electronic Arts Inc.},
	Date-Added = {2015-03-25 16:09:20 +0000},
	Date-Modified = {2015-03-25 23:05:43 +0000},
	Howpublished = {\newline\url{http://www.simcity.com/en_GB}},
	Title = {SimCity},
	Year = {2014}}

@misc{fuzzyLogic,
	Author = {Margaret Rouse},
	Date-Added = {2015-03-25 15:35:19 +0000},
	Date-Modified = {2015-03-25 23:05:18 +0000},
	Howpublished = {\newline\url{http://whatis.techtarget.com/definition/fuzzy-logic}},
	Month = {July},
	Title = {Fuzzy Logic},
	Year = {2006}}

@inproceedings{wu2007discrete,
	Author = {Wu, Jia and Abbas-Turki, Abdeljalil and Correia, Aurelien and El Moudni, Abdellah},
	Booktitle = {Service Operations and Logistics, and Informatics, 2007. SOLI 2007. IEEE International Conference on},
	Date-Added = {2015-03-25 15:33:52 +0000},
	Date-Modified = {2015-03-25 15:33:52 +0000},
	Organization = {IEEE},
	Pages = {1--6},
	Title = {Discrete intersection signal control},
	Year = {2007}}

@inproceedings{conceiccao2008large,
	Author = {Concei{\c{c}}{\~a}o, Hugo and Damas, Lu{\'\i}s and Ferreira, Michel and Barros, Jo{\~a}o},
	Booktitle = {Proceedings of the 2008 ACM symposium on Applied computing},
	Date-Added = {2015-03-25 15:28:33 +0000},
	Date-Modified = {2015-03-25 15:28:33 +0000},
	Organization = {ACM},
	Pages = {28--33},
	Title = {Large-scale simulation of V2V environments},
	Year = {2008}}

@article{panis2006modelling,
	Author = {Panis, Luc Int and Broekx, Steven and Liu, Ronghui},
	Date-Added = {2015-03-25 15:25:33 +0000},
	Date-Modified = {2015-03-25 15:25:33 +0000},
	Journal = {Science of the total environment},
	Number = {1},
	Pages = {270--285},
	Publisher = {Elsevier},
	Title = {Modelling instantaneous traffic emission and the influence of traffic speed limits},
	Volume = {371},
	Year = {2006}}

@article{osorio2013energy,
	Author = {Osorio, Carolina and Nanduri, Kanchana},
	Date-Added = {2015-03-25 15:23:22 +0000},
	Date-Modified = {2015-03-25 15:23:22 +0000},
	Journal = {Transportation Science. Forthcoming. Available at: http://web. mit. edu/osorioc/www/papers/osoNanEnergySO. pdf},
	Title = {Energy-efficient urban traffic management: a microscopic simulation-based approach},
	Year = {2013}}

@inproceedings{5973655,
	Author = {Maia, R. and Silva, M. and Araujo, R. and Nunes, U.},
	Booktitle = {Integrated and Sustainable Transportation System (FISTS), 2011 IEEE Forum on},
	Date-Added = {2015-03-25 15:22:15 +0000},
	Date-Modified = {2015-03-25 15:22:15 +0000},
	Doi = {10.1109/FISTS.2011.5973655},
	Keywords = {dynamometers;electric vehicles;energy consumption;environmental factors;fuel economy;internal combustion engines;road traffic;EV simulation;SUMO;altitude modeling;battery recharge stations;battery-switch stations;electric mobility systems;electric vehicle;energy consumption;environmental problems;highway fuel economy driving schedule;internal combustion engine vehicles;multi-modal traffic feature capabilities;portable open source simulator;three-dimensional simulator;traffic flow;traffic simulation;traffic simulators;two-dimensional vehicular simulation package;urban dynamometer driving schedule;urban mobility simulation;vehicular emission;Acceleration;Batteries;Energy consumption;Force;Roads;Traction motors;Vehicles},
	Month = {June},
	Pages = {227-232},
	Title = {Electric vehicle simulator for energy consumption studies in electric mobility systems},
	Year = {2011},
	Bdsk-Url-1 = {http://dx.doi.org/10.1109/FISTS.2011.5973655}}

@incollection{macneille2013integration,
	Author = {MacNeille, Perry and Gusikhin, Oleg and Jennings, Mark and Soto, Ciro and Rapolu, Sujith},
	Booktitle = {Simulation and Modeling Methodologies, Technologies and Applications},
	Date-Added = {2015-03-25 15:13:30 +0000},
	Date-Modified = {2015-03-25 15:13:30 +0000},
	Pages = {3--19},
	Publisher = {Springer},
	Title = {Integration of Traffic Simulation and Propulsion Modeling to Estimate Energy Consumption for Battery Electric Vehicles},
	Year = {2013}}

@techreport{boehm2000spiral,
	Author = {Boehm, Barry and Hansen, Wilfred J},
	Date-Added = {2015-03-23 15:56:27 +0000},
	Date-Modified = {2015-03-23 15:56:27 +0000},
	Institution = {DTIC Document},
	Title = {Spiral development: Experience, principles, and refinements},
	Year = {2000}}

@article{yang2000simulation,
	Author = {Yang, Qi and Koutsopoulos, Haris N and Ben-Akiva, Moshe E},
	Date-Added = {2015-03-23 15:03:24 +0000},
	Date-Modified = {2015-03-23 15:03:24 +0000},
	Journal = {Transportation Research Record: Journal of the Transportation Research Board},
	Number = {1},
	Pages = {122--130},
	Publisher = {Trans Res Board},
	Title = {Simulation laboratory for evaluating dynamic traffic management systems},
	Volume = {1710},
	Year = {2000}}

@misc{TransModeler,
	Author = {TransModeler},
	Date-Added = {2015-03-23 14:47:49 +0000},
	Date-Modified = {2015-03-23 15:19:24 +0000},
	Description = {TransModeler is a powerful and versatile traffic simulation package applicable to a wide array of planning and modeling tasks.},
	Howpublished = {\newline\url{http://www.caliper.com/transmodeler/}},
	Keywords = {traffic, simulation, software, transportation, transit, traffic control, public transportation, maps, map, microsimulation, macrosimulation, hybrid simulation, transportation},
	Title = {TransModeler Traffic Simulation Software},
	Viewport = {width=device-width, initial-scale=1.0}}

@misc{traffichtml5,
	Author = {and Dr. Martin Treiber},
	Copyright = {Martin Treiber},
	Date-Added = {2015-03-23 14:40:11 +0000},
	Date-Modified = {2015-03-23 15:19:42 +0000},
	Howpublished = {\newline\url{http://www.mtreiber.de/MicroApplet_html5}},
	Keywords = {Physics, Traffic, Simulation, Mathematical model},
	Language = {en, english},
	Organon = {index},
	Page-Topic = {java applet, Physics, traffic, simulation},
	Publisher = {Dr. Martin Treiber},
	Robots = {all,follow},
	Title = {Traffic-Simulation.de html5 Version: Ring Road (beta)}}

@article{kotusevski2009review,
	Author = {Kotusevski, G and Hawick, KA},
	Date-Added = {2015-03-23 14:19:14 +0000},
	Date-Modified = {2015-03-23 15:21:00 +0000},
	Journal = {Massey University},
	Title = {A review of traffic simulation software},
	Year = {2009}}

@book{jones2004traffic,
	Author = {Jones, Steven L and Sullivan, Andrew J and Cheekoti, Naveen and Anderson, Michael D and Malave, D},
	Date-Added = {2015-03-23 14:03:07 +0000},
	Date-Modified = {2015-03-23 14:03:07 +0000},
	Publisher = {University Transportation Center for Alabama},
	Title = {Traffic simulation software comparison study},
	Volume = {2217},
	Year = {2004}}

@misc{auss,
	Author = {TSS},
	Date-Added = {2015-03-23 13:56:26 +0000},
	Date-Modified = {2015-03-23 15:20:28 +0000},
	Howpublished = {\newline\url{http://www.aimsun.com/wp/}},
	Title = {Transport Simulation Systems - AimSun}}

@article{kareem2011intelligent,
	Author = {Kareem, Emad I Abdul and Jantan, Aman},
	Date-Added = {2015-03-21 15:54:17 +0000},
	Date-Modified = {2015-03-21 15:54:17 +0000},
	Journal = {IJIPM: International Journal of Information Processing and Management},
	Number = {2},
	Pages = {23--39},
	Title = {An Intelligent Traffic Light Monitor System using an Adaptive Associative Memory},
	Volume = {2},
	Year = {2011}}

@article{luke2005mason,
	Author = {Luke, Sean and Cioffi-Revilla, Claudio and Panait, Liviu and Sullivan, Keith and Balan, Gabriel},
	Date-Added = {2015-03-21 15:51:27 +0000},
	Date-Modified = {2015-03-21 15:51:27 +0000},
	Journal = {Simulation},
	Number = {7},
	Pages = {517--527},
	Publisher = {Sage Publications},
	Title = {Mason: A multiagent simulation environment},
	Volume = {81},
	Year = {2005}}

@inproceedings{sewall2010continuum,
	Author = {Sewall, Jason and Wilkie, David and Merrell, Paul and Lin, Ming C},
	Booktitle = {Computer Graphics Forum},
	Date-Added = {2015-03-21 15:49:44 +0000},
	Date-Modified = {2015-03-21 16:09:21 +0000},
	Organization = {Wiley Online Library},
	Pages = {439--448},
	Title = {Continuum traffic simulation},
	Volume = {29},
	Year = {2010}}

@article{chinyere2011design,
	Author = {Chinyere, Osigwe Uchenna and Francisca, Oladipo Onaolapo and Amano, Onibere Emmanuel},
	Date-Added = {2015-03-21 15:49:22 +0000},
	Date-Modified = {2015-03-21 15:49:22 +0000},
	Journal = {International Journal of Advances in Engineering \& Technology},
	Number = {5},
	Publisher = {Citeseer},
	Title = {Design and simulation of an intelligent traffic control system},
	Volume = {1},
	Year = {2011}}

@article{center1996intelligent,
	Author = {Center, Artificial Intelligence and Semarak, Jalan},
	Date-Added = {2015-03-21 15:47:59 +0000},
	Date-Modified = {2015-03-21 15:47:59 +0000},
	Journal = {Malaysian Journal of Computer Science},
	Number = {2},
	Pages = {29--35},
	Title = {Intelligent traffic lights control by fuzzy logic},
	Volume = {9},
	Year = {1996}}

@inproceedings{tavladakis1999development,
	Author = {Tavladakis, K and Voulgaris, NC},
	Booktitle = {ESIT'99-The European Symposium on Intelligent Techniques},
	Date-Added = {2015-03-21 15:46:28 +0000},
	Date-Modified = {2015-03-21 15:46:28 +0000},
	Organization = {Citeseer},
	Title = {Development of an autonomous adaptive traffic control system},
	Year = {1999}}

@article{dotoli2006urban,
	Author = {Dotoli, Mariagrazia and Fanti, Maria Pia},
	Date-Added = {2015-03-21 15:44:54 +0000},
	Date-Modified = {2015-03-21 15:44:54 +0000},
	Journal = {Control Engineering Practice},
	Number = {10},
	Pages = {1213--1229},
	Publisher = {Elsevier},
	Title = {An urban traffic network model via coloured timed Petri nets},
	Volume = {14},
	Year = {2006}}
